<?xml version="1.0" encoding="UTF-8"?><collection xmlns="http://www.loc.gov/MARC21/slim"><record><leader>00537nam--2200193-i-4500</leader><controlfield tag="001">000028836</controlfield><controlfield tag="002">20161230</controlfield><controlfield tag="005">20161230201037</controlfield><controlfield tag="008">060222s1000------------r-----000-0-fre-d</controlfield><datafield ind1=" " ind2=" " tag="040"><subfield code="a">IFIN-HH</subfield></datafield><datafield ind1=" " ind2=" " tag="041"><subfield code="a">fre</subfield></datafield><datafield ind1=" " ind2=" " tag="080"><subfield code="a">519.2:1</subfield></datafield><datafield ind1="1" ind2=" " tag="100"><subfield code="a">Laplace Pierre-simon</subfield></datafield><datafield ind1="1" ind2="0" tag="245"><subfield code="a">Essai philosophiques sur les probabilites</subfield><subfield code="c">Pierre-simon laplace</subfield></datafield><datafield ind1=" " ind2=" " tag="260"><subfield code="a">Paris, Gauthier-villars Et Co.1921,</subfield></datafield><datafield ind1=" " ind2=" " tag="300"><subfield code="a">101P</subfield></datafield><datafield ind1=" " ind2=" " tag="490"><subfield code="a">Les Maitres De La Pensee Scientifiques</subfield><subfield code="v">vol. II</subfield></datafield><datafield ind1=" " ind2=" " tag="852"><subfield code="a">1877</subfield><subfield code="c">519.2</subfield></datafield><datafield ind1=" " ind2=" " tag="CAT"><subfield code="a">Sys</subfield><subfield code="c">20100513</subfield><subfield code="h">142146</subfield></datafield></record></collection>